<?xml version="1.0" encoding="UTF-8"?>
  <record xmlns="http://www.loc.gov/MARC21/slim" type="Authority">
    <leader>00000nz  a2200000oc 4500</leader>
    <controlfield tag="001">1004501595</controlfield>
    <controlfield tag="003">DE-101</controlfield>
    <controlfield tag="005">20180207152222.0</controlfield>
    <controlfield tag="008">100617n||aznnnaabn           | ana    |c</controlfield>
    <datafield tag="024" ind1="7" ind2=" ">
      <subfield code="a">6147561-0</subfield>
      <subfield code="0">http://d-nb.info/gnd/6147561-0</subfield>
      <subfield code="2">gnd</subfield>
    </datafield>
    <datafield tag="035" ind1=" " ind2=" ">
      <subfield code="a">(DE-101)1004501595</subfield>
    </datafield>
    <datafield tag="035" ind1=" " ind2=" ">
      <subfield code="a">(DE-588)6147561-0</subfield>
    </datafield>
    <datafield tag="035" ind1=" " ind2=" ">
      <subfield code="z">(DE-588b)6147561-0</subfield>
      <subfield code="9">v:zg</subfield>
    </datafield>
    <datafield tag="040" ind1=" " ind2=" ">
      <subfield code="a">DE-601</subfield>
      <subfield code="c">DE-601</subfield>
      <subfield code="9">r:DE-1</subfield>
      <subfield code="b">ger</subfield>
      <subfield code="d">0023</subfield>
    </datafield>
    <datafield tag="042" ind1=" " ind2=" ">
      <subfield code="a">gnd6</subfield>
    </datafield>
    <datafield tag="043" ind1=" " ind2=" ">
      <subfield code="c">XA-DXDE</subfield>
    </datafield>
    <datafield tag="065" ind1=" " ind2=" ">
      <subfield code="a">10.12b</subfield>
      <subfield code="2">sswd</subfield>
    </datafield>
    <datafield tag="075" ind1=" " ind2=" ">
      <subfield code="b">b</subfield>
      <subfield code="2">gndgen</subfield>
    </datafield>
    <datafield tag="075" ind1=" " ind2=" ">
      <subfield code="b">kiz</subfield>
      <subfield code="2">gndspec</subfield>
    </datafield>
    <datafield tag="079" ind1=" " ind2=" ">
      <subfield code="a">g</subfield>
      <subfield code="q">f</subfield>
      <subfield code="u">r</subfield>
    </datafield>
    <datafield tag="110" ind1="2" ind2=" ">
      <subfield code="a">Ratsdruckerei</subfield>
      <subfield code="g">Speyer</subfield>
    </datafield>
    <datafield tag="410" ind1="2" ind2=" ">
      <subfield code="a">Officina Senatoriis</subfield>
      <subfield code="g">Speyer</subfield>
    </datafield>
    <datafield tag="410" ind1="2" ind2=" ">
      <subfield code="a">Typographia Senatorii</subfield>
      <subfield code="g">Speyer</subfield>
    </datafield>
    <datafield tag="500" ind1="1" ind2=" ">
      <subfield code="0">(DE-101)1037522907</subfield>
      <subfield code="0">(DE-588)1037522907</subfield>
      <subfield code="0">https://d-nb.info/gnd/1037522907</subfield>
      <subfield code="a">Buschweiler, Johann Balthasar</subfield>
      <subfield code="4">bete</subfield>
      <subfield code="4">https://d-nb.info/standards/elementset/gnd#contributingPerson</subfield>
      <subfield code="w">r</subfield>
      <subfield code="i">Beteiligte</subfield>
      <subfield code="e">Beteiligte</subfield>
      <subfield code="9">v:Leiter</subfield>
      <subfield code="9">Z:1645-1655</subfield>
    </datafield>
    <datafield tag="500" ind1="1" ind2=" ">
      <subfield code="0">(DE-101)1037515684</subfield>
      <subfield code="0">(DE-588)1037515684</subfield>
      <subfield code="0">https://d-nb.info/gnd/1037515684</subfield>
      <subfield code="a">Dürr, Christian</subfield>
      <subfield code="d">-1671</subfield>
      <subfield code="4">bete</subfield>
      <subfield code="4">https://d-nb.info/standards/elementset/gnd#contributingPerson</subfield>
      <subfield code="w">r</subfield>
      <subfield code="i">Beteiligte</subfield>
      <subfield code="e">Beteiligte</subfield>
      <subfield code="9">v:Leiter</subfield>
      <subfield code="9">Z:1655-1667</subfield>
    </datafield>
    <datafield tag="500" ind1="1" ind2=" ">
      <subfield code="0">(DE-101)1037505859</subfield>
      <subfield code="0">(DE-588)1037505859</subfield>
      <subfield code="0">https://d-nb.info/gnd/1037505859</subfield>
      <subfield code="a">Metzger, Matthäus</subfield>
      <subfield code="4">bete</subfield>
      <subfield code="4">https://d-nb.info/standards/elementset/gnd#contributingPerson</subfield>
      <subfield code="w">r</subfield>
      <subfield code="i">Beteiligte</subfield>
      <subfield code="e">Beteiligte</subfield>
      <subfield code="9">v:Leiter</subfield>
      <subfield code="9">Z:1668-1677</subfield>
    </datafield>
    <datafield tag="500" ind1="1" ind2=" ">
      <subfield code="0">(DE-101)1037613872</subfield>
      <subfield code="0">(DE-588)1037613872</subfield>
      <subfield code="0">https://d-nb.info/gnd/1037613872</subfield>
      <subfield code="a">Metzger, Matthäus</subfield>
      <subfield code="c">Witwe</subfield>
      <subfield code="4">bete</subfield>
      <subfield code="4">https://d-nb.info/standards/elementset/gnd#contributingPerson</subfield>
      <subfield code="w">r</subfield>
      <subfield code="i">Beteiligte</subfield>
      <subfield code="e">Beteiligte</subfield>
      <subfield code="9">v:Leiterin</subfield>
      <subfield code="9">Z:1679</subfield>
    </datafield>
    <datafield tag="500" ind1="1" ind2=" ">
      <subfield code="0">(DE-101)1037505948</subfield>
      <subfield code="0">(DE-588)1037505948</subfield>
      <subfield code="0">https://d-nb.info/gnd/1037505948</subfield>
      <subfield code="a">Kempfer, Johann Matthäus</subfield>
      <subfield code="4">bete</subfield>
      <subfield code="4">https://d-nb.info/standards/elementset/gnd#contributingPerson</subfield>
      <subfield code="w">r</subfield>
      <subfield code="i">Beteiligte</subfield>
      <subfield code="e">Beteiligte</subfield>
    </datafield>
    <datafield tag="500" ind1="1" ind2=" ">
      <subfield code="0">(DE-101)1037529723</subfield>
      <subfield code="0">(DE-588)1037529723</subfield>
      <subfield code="0">https://d-nb.info/gnd/1037529723</subfield>
      <subfield code="a">Baumeister, Georg</subfield>
      <subfield code="4">rela</subfield>
      <subfield code="4">https://d-nb.info/standards/elementset/gnd#relatedPerson</subfield>
      <subfield code="w">r</subfield>
      <subfield code="i">Relation allgemein</subfield>
      <subfield code="e">Relation allgemein</subfield>
    </datafield>
    <datafield tag="548" ind1=" " ind2=" ">
      <subfield code="a">ca. 1646-1679</subfield>
      <subfield code="4">datb</subfield>
      <subfield code="4">https://d-nb.info/standards/elementset/gnd#associatedDate</subfield>
      <subfield code="w">r</subfield>
      <subfield code="i">Zeitraum</subfield>
    </datafield>
    <datafield tag="550" ind1=" " ind2=" ">
      <subfield code="0">(DE-101)041333330</subfield>
      <subfield code="0">(DE-588)4133333-0</subfield>
      <subfield code="0">https://d-nb.info/gnd/4133333-0</subfield>
      <subfield code="a">Druckerei</subfield>
      <subfield code="4">obin</subfield>
      <subfield code="4">https://d-nb.info/standards/elementset/gnd#broaderTermInstantial</subfield>
      <subfield code="w">r</subfield>
      <subfield code="i">Oberbegriff instantiell</subfield>
    </datafield>
    <datafield tag="551" ind1=" " ind2=" ">
      <subfield code="0">(DE-101)040561798</subfield>
      <subfield code="0">(DE-588)4056179-3</subfield>
      <subfield code="0">https://d-nb.info/gnd/4056179-3</subfield>
      <subfield code="a">Speyer</subfield>
      <subfield code="4">orta</subfield>
      <subfield code="4">https://d-nb.info/standards/elementset/gnd#placeOfBusiness</subfield>
      <subfield code="w">r</subfield>
      <subfield code="i">Ort</subfield>
    </datafield>
    <datafield tag="667" ind1=" " ind2=" ">
      <subfield code="a">VD-17</subfield>
    </datafield>
    <datafield tag="670" ind1=" " ind2=" ">
      <subfield code="a">Reske (2. Aufl.), S. 928f</subfield>
    </datafield>
    <datafield tag="678" ind1=" " ind2=" ">
      <subfield code="b">Der Rat der Stadt Speyer übernahm die Schriften von Georg Baumeister und gründete eine Druckerei, die dann von Buchdruckeren geleitet wurde</subfield>
    </datafield>
    <datafield tag="913" ind1=" " ind2=" ">
      <subfield code="S">gkd</subfield>
      <subfield code="i">a</subfield>
      <subfield code="a">Ratsdruckerei &lt;Speyer&gt;</subfield>
      <subfield code="0">(DE-588b)6147561-0</subfield>
    </datafield>
  </record>
